%%==================================================
%% chap1.bib for DUT MA
%% version: 0.1
%% last update: April 27th, 2022
%%==================================================

@inproceedings{li2014secrets,
	title={The secrets of salient object segmentation},
	author={Li, Yin and Hou, Xiaodi and Koch, Christof and Rehg, James M and Yuille, Alan L},
	booktitle={Proceedings of the IEEE conference on computer vision and pattern recognition},
	pages={280--287},
	year={2014}
}

@article{dai2016r,
	title={R-fcn: Object detection via region-based fully convolutional networks},
	author={Dai, Jifeng and Li, Yi and He, Kaiming and Sun, Jian},
	journal={Advances in neural information processing systems},
	volume={29},
	year={2016}
}

# 3
@article{smeulders2013visual,
	title={Visual tracking: An experimental survey},
	author={Smeulders, Arnold WM and Chu, Dung M and Cucchiara, Rita and Calderara, Simone and Dehghan, Afshin and Shah, Mubarak},
	journal={IEEE transactions on pattern analysis and machine intelligence},
	volume={36},
	number={7},
	pages={1442--1468},
	year={2013},
	publisher={IEEE}
}


@article{wang2018deep,
	title={A deep network solution for attention and aesthetics aware photo cropping},
	author={Wang, Wenguan and Shen, Jianbing and Ling, Haibin},
	journal={IEEE transactions on pattern analysis and machine intelligence},
	volume={41},
	number={7},
	pages={1531--1544},
	year={2018},
	publisher={IEEE}
}

# 5
@inproceedings{sun2011scale,
	title={Scale and object aware image retargeting for thumbnail browsing},
	author={Sun, Jin and Ling, Haibin},
	booktitle={2011 International Conference on Computer Vision},
	pages={1511--1518},
	year={2011},
	organization={IEEE}
}

@inproceedings{ma2002user,
	title={A user attention model for video summarization},
	author={Ma, Yu-Fei and Lu, Lie and Zhang, Hong-Jiang and Li, Mingjing},
	booktitle={Proceedings of the tenth ACM international conference on Multimedia},
	pages={533--542},
	year={2002}
}

# 7
@inproceedings{sugano2010calibration,
	title={Calibration-free gaze sensing using saliency maps},
	author={Sugano, Yusuke and Matsushita, Yasuyuki and Sato, Yoichi},
	booktitle={2010 IEEE Computer Society Conference on Computer Vision and Pattern Recognition},
	pages={2667--2674},
	year={2010},
	organization={IEEE}
}

@inproceedings{karpathy2013object,
	title={Object discovery in 3d scenes via shape analysis},
	author={Karpathy, Andrej and Miller, Stephen and Fei-Fei, Li},
	booktitle={2013 IEEE international conference on robotics and automation},
	pages={2088--2095},
	year={2013},
	organization={IEEE}
}



@inproceedings{feng2019attentive,
	title={Attentive feedback network for boundary-aware salient object detection},
	author={Feng, Mengyang and Lu, Huchuan and Ding, Errui},
	booktitle={Proceedings of the IEEE/CVF conference on computer vision and pattern recognition},
	pages={1623--1632},
	year={2019}
}

@inproceedings{wu2019cascaded,
	title={Cascaded partial decoder for fast and accurate salient object detection},
	author={Wu, Zhe and Su, Li and Huang, Qingming},
	booktitle={Proceedings of the IEEE/CVF conference on computer vision and pattern recognition},
	pages={3907--3916},
	year={2019}
}



@inproceedings{wu2019mutual,
	title={A mutual learning method for salient object detection with intertwined multi-supervision},
	author={Wu, Runmin and Feng, Mengyang and Guan, Wenlong and Wang, Dong and Lu, Huchuan and Ding, Errui},
	booktitle={Proceedings of the IEEE/CVF conference on computer vision and pattern recognition},
	pages={8150--8159},
	year={2019}
}

@inproceedings{liu2019simple,
	title={A simple pooling-based design for real-time salient object detection},
	author={Liu, Jiang-Jiang and Hou, Qibin and Cheng, Ming-Ming and Feng, Jiashi and Jiang, Jianmin},
	booktitle={Proceedings of the IEEE/CVF conference on computer vision and pattern recognition},
	pages={3917--3926},
	year={2019}
}

@inproceedings{liu2018picanet,
	title={Picanet: Learning pixel-wise contextual attention for saliency detection},
	author={Liu, Nian and Han, Junwei and Yang, Ming-Hsuan},
	booktitle={Proceedings of the IEEE conference on computer vision and pattern recognition},
	pages={3089--3098},
	year={2018}
}

@inproceedings{wang2018detect,
	title={Detect globally, refine locally: A novel approach to saliency detection},
	author={Wang, Tiantian and Zhang, Lihe and Wang, Shuo and Lu, Huchuan and Yang, Gang and Ruan, Xiang and Borji, Ali},
	booktitle={Proceedings of the IEEE conference on computer vision and pattern recognition},
	pages={3127--3135},
	year={2018}
}


@inproceedings{hou2017deeply,
	title={Deeply supervised salient object detection with short connections},
	author={Hou, Qibin and Cheng, Ming-Ming and Hu, Xiaowei and Borji, Ali and Tu, Zhuowen and Torr, Philip HS},
	booktitle={Proceedings of the IEEE conference on computer vision and pattern recognition},
	pages={3203--3212},
	year={2017}
}

@inproceedings{liu2016dhsnet,
	title={Dhsnet: Deep hierarchical saliency network for salient object detection},
	author={Liu, Nian and Han, Junwei},
	booktitle={Proceedings of the IEEE conference on computer vision and pattern recognition},
	pages={678--686},
	year={2016}
}

@inproceedings{wang2016saliency,
	title={Saliency detection with recurrent fully convolutional networks},
	author={Wang, Linzhao and Wang, Lijun and Lu, Huchuan and Zhang, Pingping and Ruan, Xiang},
	booktitle={Computer Vision--ECCV 2016: 14th European Conference, Amsterdam, The Netherlands, October 11--14, 2016, Proceedings, Part IV 14},
	pages={825--841},
	year={2016},
	organization={Springer}
}


# ------------

@article{cong2019going,
	title={Going from RGB to RGBD saliency: A depth-guided transformation model},
	author={Cong, Runmin and Lei, Jianjun and Fu, Huazhu and Hou, Junhui and Huang, Qingming and Kwong, Sam},
	journal={IEEE transactions on cybernetics},
	volume={50},
	number={8},
	pages={3627--3639},
	year={2019},
	publisher={IEEE}
}


@article{li2020asif,
	title={ASIF-Net: Attention steered interweave fusion network for RGB-D salient object detection},
	author={Li, Chongyi and Cong, Runmin and Kwong, Sam and Hou, Junhui and Fu, Huazhu and Zhu, Guopu and Zhang, Dingwen and Huang, Qingming},
	journal={IEEE transactions on cybernetics},
	volume={51},
	number={1},
	pages={88--100},
	year={2020},
	publisher={IEEE}
}

@article{cong2017iterative,
	title={An iterative co-saliency framework for RGBD images},
	author={Cong, Runmin and Lei, Jianjun and Fu, Huazhu and Lin, Weisi and Huang, Qingming and Cao, Xiaochun and Hou, Chunping},
	journal={IEEE transactions on cybernetics},
	volume={49},
	number={1},
	pages={233--246},
	year={2017},
	publisher={IEEE}
}


@article{chen2019three,
	title={Three-stream attention-aware network for RGB-D salient object detection},
	author={Chen, Hao and Li, Youfu},
	journal={IEEE Transactions on Image Processing},
	volume={28},
	number={6},
	pages={2825--2835},
	year={2019},
	publisher={IEEE}
}


@inproceedings{piao2019depth,
	title={Depth-induced multi-scale recurrent attention network for saliency detection},
	author={Piao, Yongri and Ji, Wei and Li, Jingjing and Zhang, Miao and Lu, Huchuan},
	booktitle={Proceedings of the IEEE/CVF international conference on computer vision},
	pages={7254--7263},
	year={2019}
}


@inproceedings{chen2018progressively,
	title={Progressively complementarity-aware fusion network for RGB-D salient object detection},
	author={Chen, Hao and Li, Youfu},
	booktitle={Proceedings of the IEEE conference on computer vision and pattern recognition},
	pages={3051--3060},
	year={2018}
}


@inproceedings{piao2019deep,
	title={Deep Light-field-driven Saliency Detection from a Single View.},
	author={Piao, Yongri and Rong, Zhengkun and Zhang, Miao and Li, Xiao and Lu, Huchuan},
	booktitle={IJCAI},
	pages={904--911},
	year={2019}
}


@article{zhang2020light,
	title={Light field saliency detection with deep convolutional networks},
	author={Zhang, Jun and Liu, Yamei and Zhang, Shengping and Poppe, Ronald and Wang, Meng},
	journal={IEEE Transactions on Image Processing},
	volume={29},
	pages={4421--4434},
	year={2020},
	publisher={IEEE}
}


@inproceedings{wang2019deep,
	title={Deep learning for light field saliency detection},
	author={Wang, Tiantian and Piao, Yongri and Li, Xiao and Zhang, Lihe and Lu, Huchuan},
	booktitle={Proceedings of the IEEE/CVF International Conference on Computer Vision},
	pages={8838--8848},
	year={2019}
}


@article{zhang2019memory,
	title={Memory-oriented decoder for light field salient object detection},
	author={Zhang, Miao and Li, Jingjing and Wei, Ji and Piao, Yongri and Lu, Huchuan},
	journal={Advances in neural information processing systems},
	volume={32},
	year={2019}
}


@article{zhang2020lfnet,
	title={LFNet: Light field fusion network for salient object detection},
	author={Zhang, Miao and Ji, Wei and Piao, Yongri and Li, Jingjing and Zhang, Yu and Xu, Shuang and Lu, Huchuan},
	journal={IEEE Transactions on Image Processing},
	volume={29},
	pages={6276--6287},
	year={2020},
	publisher={IEEE}
}


@article{piao2021panet,
	title={PANet: Patch-aware network for light field salient object detection},
	author={Piao, Yongri and Jiang, Yongyao and Zhang, Miao and Wang, Jian and Lu, Huchuan},
	journal={IEEE Transactions on Cybernetics},
	volume={53},
	number={1},
	pages={379--391},
	year={2021},
	publisher={IEEE}
}

@article{itti1998model,
	title={A model of saliency-based visual attention for rapid scene analysis},
	author={Itti, Laurent and Koch, Christof and Niebur, Ernst},
	journal={IEEE Transactions on pattern analysis and machine intelligence},
	volume={20},
	number={11},
	pages={1254--1259},
	year={1998},
	publisher={Ieee}
}


@article{cheng2014global,
	title={Global contrast based salient region detection},
	author={Cheng, Ming-Ming and Mitra, Niloy J and Huang, Xiaolei and Torr, Philip HS and Hu, Shi-Min},
	journal={IEEE transactions on pattern analysis and machine intelligence},
	volume={37},
	number={3},
	pages={569--582},
	year={2014},
	publisher={Ieee}
}


@inproceedings{zhang2015minimum,
	title={Minimum barrier salient object detection at 80 fps},
	author={Zhang, Jianming and Sclaroff, Stan and Lin, Zhe and Shen, Xiaohui and Price, Brian and Mech, Radomir},
	booktitle={Proceedings of the IEEE international conference on computer vision},
	pages={1404--1412},
	year={2015}
}



@inproceedings{jiang2013salient,
	title={Salient object detection: A discriminative regional feature integration approach},
	author={Jiang, Huaizu and Wang, Jingdong and Yuan, Zejian and Wu, Yang and Zheng, Nanning and Li, Shipeng},
	booktitle={Proceedings of the IEEE conference on computer vision and pattern recognition},
	pages={2083--2090},
	year={2013}
}


@inproceedings{deng2018r3net,
	title={R3net: Recurrent residual refinement network for saliency detection},
	author={Deng, Zijun and Hu, Xiaowei and Zhu, Lei and Xu, Xuemiao and Qin, Jing and Han, Guoqiang and Heng, Pheng-Ann},
	booktitle={Proceedings of the 27th international joint conference on artificial intelligence},
	volume={684690},
	year={2018},
	organization={AAAI Press Menlo Park, CA, USA}
}


@inproceedings{luo2017non,
	title={Non-local deep features for salient object detection},
	author={Luo, Zhiming and Mishra, Akshaya and Achkar, Andrew and Eichel, Justin and Li, Shaozi and Jodoin, Pierre-Marc},
	booktitle={Proceedings of the IEEE Conference on computer vision and pattern recognition},
	pages={6609--6617},
	year={2017}
}

@article{zhuge2018boundary,
	title={Boundary-guided feature aggregation network for salient object detection},
	author={Zhuge, Yunzhi and Yang, Gang and Zhang, Pingping and Lu, Huchuan},
	journal={IEEE Signal Processing Letters},
	volume={25},
	number={12},
	pages={1800--1804},
	year={2018},
	publisher={IEEE}
}

@inproceedings{peng2014rgbd,
	title={RGBD salient object detection: A benchmark and algorithms},
	author={Peng, Houwen and Li, Bing and Xiong, Weihua and Hu, Weiming and Ji, Rongrong},
	booktitle={Computer Vision--ECCV 2014: 13th European Conference, Zurich, Switzerland, September 6-12, 2014, Proceedings, Part III 13},
	pages={92--109},
	year={2014},
	organization={Springer}
}


@inproceedings{ren2015exploiting,
	title={Exploiting global priors for RGB-D saliency detection},
	author={Ren, Jianqiang and Gong, Xiaojin and Yu, Lu and Zhou, Wenhui and Ying Yang, Michael},
	booktitle={Proceedings of the IEEE conference on computer vision and pattern recognition workshops},
	pages={25--32},
	year={2015}
}


@article{bruce2009saliency,
	title={Saliency, attention, and visual search: An information theoretic approach},
	author={Bruce, Neil DB and Tsotsos, John K},
	journal={Journal of vision},
	volume={9},
	number={3},
	pages={5--5},
	year={2009},
	publisher={The Association for Research in Vision and Ophthalmology}
}


@article{qu2017rgbd,
	title={RGBD salient object detection via deep fusion},
	author={Qu, Liangqiong and He, Shengfeng and Zhang, Jiawei and Tian, Jiandong and Tang, Yandong and Yang, Qingxiong},
	journal={IEEE transactions on image processing},
	volume={26},
	number={5},
	pages={2274--2285},
	year={2017},
	publisher={IEEE}
}


@inproceedings{shigematsu2017learning,
	title={Learning RGB-D salient object detection using background enclosure, depth contrast, and top-down features},
	author={Shigematsu, Riku and Feng, David and You, Shaodi and Barnes, Nick},
	booktitle={Proceedings of the IEEE international conference on computer vision workshops},
	pages={2749--2757},
	year={2017}
}


@inproceedings{zhao2019contrast,
	title={Contrast prior and fluid pyramid integration for RGBD salient object detection},
	author={Zhao, Jia-Xing and Cao, Yang and Fan, Deng-Ping and Cheng, Ming-Ming and Li, Xuan-Yi and Zhang, Le},
	booktitle={Proceedings of the IEEE/CVF conference on computer vision and pattern recognition},
	pages={3927--3936},
	year={2019}
}


@inproceedings{li2014saliency,
	title={Saliency detection on light field},
	author={Li, Nianyi and Ye, Jinwei and Ji, Yu and Ling, Haibin and Yu, Jingyi},
	booktitle={Proceedings of the IEEE conference on computer vision and pattern recognition},
	pages={2806--2813},
	year={2014}
}


@inproceedings{li2015weighted,
	title={A weighted sparse coding framework for saliency detection},
	author={Li, Nianyi and Sun, Bilin and Yu, Jingyi},
	booktitle={Proceedings of the IEEE conference on computer vision and pattern recognition},
	pages={5216--5223},
	year={2015}
}


@inproceedings{zhang2015saliency,
	title={Saliency Detection with a Deeper Investigation of Light Field.},
	author={Zhang, Jun and Wang, Meng and Gao, Jun and Wang, Yi and Zhang, Xudong and Wu, Xindong},
	booktitle={IJCAI},
	pages={2212--2218},
	year={2015}
}



@article{wang2017two,
	title={A two-stage Bayesian integration framework for salient object detection on light field},
	author={Wang, Anzhi and Wang, Minghui and Li, Xiaoyan and Mi, Zetian and Zhou, Huan},
	journal={Neural Processing Letters},
	volume={46},
	pages={1083--1094},
	year={2017},
	publisher={Springer}
}




@article{zhang2017saliency,
	title={Saliency detection on light field: A multi-cue approach},
	author={Zhang, Jun and Wang, Meng and Lin, Liang and Yang, Xun and Gao, Jun and Rui, Yong},
	journal={ACM Transactions on Multimedia Computing, Communications, and Applications (TOMM)},
	volume={13},
	number={3},
	pages={1--22},
	year={2017},
	publisher={ACM New York, NY, USA}
}




@article{chen2015convolutional,
	title={Convolutional LSTM Network: A Machine Learning Approach for Precipitation Nowcasting},
	author={Chen, Xingjian Shi Zhourong and Yeung, Hao Wang Dit-Yan and Woo, Wai-kin Wong Wang-chun},
	journal={arXiv preprint arXiv:1506.04214},
	year={2015}
}

@article{chen2017deeplab,
	title={Deeplab: Semantic image segmentation with deep convolutional nets, atrous convolution, and fully connected crfs},
	author={Chen, Liang-Chieh and Papandreou, George and Kokkinos, Iasonas and Murphy, Kevin and Yuille, Alan L},
	journal={IEEE transactions on pattern analysis and machine intelligence},
	volume={40},
	number={4},
	pages={834--848},
	year={2017},
	publisher={IEEE}
}


@article{gershun1939light,
	title={The light field},
	author={Gershun, Andre{\=\i}},
	journal={Journal of Mathematics and Physics},
	volume={18},
	number={1-4},
	pages={51--151},
	year={1939}
}



@article{adelson1991theplenoptic,
	title={ThePlenoptic Function and Elements of Early Vision},
	author={Adelson, Edward H},
	journal={Computational Models of Visual Processing},
	year={1991},
	publisher={MIT Press}
}



@inproceedings{bishop2009light,
	title={Light field superresolution},
	author={Bishop, Tom E and Zanetti, Sara and Favaro, Paolo},
	booktitle={2009 IEEE International Conference on Computational Photography (ICCP)},
	pages={1--9},
	year={2009},
	organization={IEEE}
}





@article{hanrahan1996light,
	title={Light field rendering},
	author={Hanrahan, MARC LEVOY Pat},
	journal={SIGGRAPH96, Conputer Graphics Proceeding},
	year={1996}
}





@article{georgiev2010focused,
	title={Focused plenoptic camera and rendering},
	author={Georgiev, Todor and Lumsdaine, Andrew},
	journal={Journal of electronic imaging},
	volume={19},
	number={2},
	pages={021106--021106},
	year={2010},
	publisher={Society of Photo-Optical Instrumentation Engineers}
}





























































# mastersthesis
# article




@article{Jiang2005Size,
  title={形状记忆聚合物研究现状与发展},
  author={姜敏 and 彭少贤 and 郦华兴},
  journal={现代塑料加工应用},
  volume={17},
  number={2},
  pages={53-56},
  year={2005},
}

@article{Takahashi1996Structure,
  title={Structure and properties of shape‐memory polyurethane block copolymers},
  author={Takahashi, Toshisada and Hayashi, Noriya and Hayashi, Shunichi},
  journal={Journal of Applied Polymer Science},
  volume={60},
  number={7},
  pages={1061-1069},
  year={1996},
}

@inproceedings{Xia2002Analysis,
  title={Analysis of Affective Characteristics and Evaluation of Harmonious Feeling of Image Based on 1/f Fluctuation Theory},
  author={Xia, Mao and Chen, Bin and Gang, Zhu and Itsya, Muta},
  booktitle={Developments in Applied Artificial Intelligence,  International Conference on Industrial and Engineering, Applications of Artificial Intelligence and Expert Systems, Iea/aie 2002, Cairns, Australia, June 17-20, 2002, Proceedings},
  pages={780-789},
  year={2002},
}

@misc{Jiang1989,
  title={一种温热外敷药的制备方法},
  author={姜锡洲},
  year={1989},
}

@article{Mao2000Motion,
  title={情感工学破解"舒服"之谜},
  author={毛峡},
  journal={科技文萃},
  number={7},
  pages={157-158},
  year={2000},
}

@article{Feng1998,
  title={核反应堆管道和压力容器的LBB分析},
  author={冯西桥 and 何树延},
  journal={力学进展},
  volume={28},
  number={2},
  pages={198-217},
  year={1998},
}

