@mastersthesis{1022766041.nh,
	author = {姜永耀},
	title = {有限数据驱动的光场显著性目标检测研究},
	school = {大连理工大学},
	year = {2022},
	address = {大连}
}    
@mastersthesis{1022496652.nh,
	author = {杜昀璋},
	title = {基于EPI的光场深度估计与角度重建},
	school = {上海师范大学},
	year = {2022},
	address = {上海}
}    
@mastersthesis{1020420701.nh,
	author = {刘亚美},
	title = {基于卷积神经网络的光场显著性检测研究},
	school = {合肥工业大学},
	year = {2020},
	address = {合肥}
}    
@mastersthesis{1016026888.nh,
	author = {李俊锋},
	title = {融合光场焦点堆栈和全聚焦图像的显著性检查算法},
	school = {浙江工商大学},
	year = {2015},
	address = {杭州}
}    
@mastersthesis{1016757905.nh,
	author = {黄烨},
	title = {视觉显著性目标检测技术研究},
	school = {中国科学院研究生院(光电技术研究所)},
	year = {2016},
	address = {成都}
}    
@mastersthesis{1016176438.nh,
	author = {郭文波},
	title = {基于视觉显著性的目标检测技术研究},
	school = {电子科技大学},
	year = {2016},
	address = {成都}
}    
@mastersthesis{1020381659.nh,
	author = {陈丽媛},
	title = {基于深度学习的显著性目标检测算法研究},
	school = {浙江师范大学},
	year = {2020},
	address = {杭州}
} 
@mastersthesis {1022755133.nh,
	author = { 刘廷位 },
	title = {基于神经网络搜索的RGB显著性目标检测研究},
	school = {大连理工大学},
	year = {2022},
	address = {大连}
}
@mastersthesis{1020302783.nh,
	author = {孙小飞},
	title = {基于神经网络的RGB-D显著性目标检测研究},
	school = {大连理工大学},
	year = {2020},
	address = {大连}
}     
@mastersthesis{1023770130.nh,
	author = {黄林},
	title = {基于改进U-Net网络的2.5D医学图像分割技术研究},
	school = {重庆交通大学},
	year = {2023},
	address = {重庆}
}
@article{CUXI202002037,
	author = {张韶辉 and  胡摇 and 曹睿 and 程雪岷 and 郝群},
	title = {光场成像原理及应用技术},
	journal = {兵器装备工程学报},
	volume = {41},
	pages = {178-186},
	year = {2020},
	issn = {2096-2304},
}    
@article{WJFZ202401002,
	author = {  宋杰 and     刘彩霞 and 李慧婷},
	
	title = {基于U-Net网络的医学图像分割研究综述},
	journal = {计算机技术与发展},
	volume = {34},
	pages = {9-16},
	year = {2024},
	issn = {1673-629X},
}   