

% LFTransNet
@article{liu2023lftransnet,
	title={LFTransNet: Light Field Salient Object Detection via a Learnable Weight Descriptor},
	author={Liu, Zhengyi and He, Qian and Wang, Linbo and Fang, Xianong and Tang, Bin},
	journal={IEEE Transactions on Circuits and Systems for Video Technology},
	year={2023},
	publisher={IEEE}
}


% 2023
% TENet
@article{wang2023tenet,
	title={TENet: Accurate light-field salient object detection with a transformer embedding network},
	author={Wang, Xingzheng and Chen, Songwei and Wei, Guoyao and Liu, Jiehao},
	journal={Image and Vision Computing},
	volume={129},
	pages={104595},
	year={2023},
	publisher={Elsevier}
}

% FESNet
@article{chen2023fusion,
	title={Fusion-embedding siamese network for light field salient object detection},
	author={Chen, Geng and Fu, Huazhu and Zhou, Tao and Xiao, Guobao and Fu, Keren and Xia, Yong and Zhang, Yanning},
	journal={IEEE Transactions on Multimedia},
	year={2023},
	publisher={IEEE}
}

% LFTrans
@article{liu2023lftransnet,
	title={LFTransNet: Light Field Salient Object Detection via a Learnable Weight Descriptor},
	author={Liu, Zhengyi and He, Qian and Wang, Linbo and Fang, Xianong and Tang, Bin},
	journal={IEEE Transactions on Circuits and Systems for Video Technology},
	year={2023},
	publisher={IEEE}
}


@article{chen2020improved,
  title={Improved baselines with momentum contrastive learning},
  author={Chen, Xinlei and Fan, Haoqi and Girshick, Ross and He, Kaiming},
  journal={arXiv preprint arXiv:2003.04297},
  year={2020}
}

@inproceedings{he2020momentum,
  title={Momentum contrast for unsupervised visual representation learning},
  author={He, Kaiming and Fan, Haoqi and Wu, Yuxin and Xie, Saining and Girshick, Ross},
  booktitle={Proceedings of the IEEE/CVF conference on computer vision and pattern recognition},
  pages={9729--9738},
  year={2020}
}

@inproceedings{wang2020cross,
  title={Cross-batch memory for embedding learning},
  author={Wang, Xun and Zhang, Haozhi and Huang, Weilin and Scott, Matthew R},
  booktitle={Proceedings of the IEEE/CVF Conference on Computer Vision and Pattern Recognition},
  pages={6388--6397},
  year={2020}
}

@inproceedings{wu2018unsupervised,
  title={Unsupervised feature learning via non-parametric instance discrimination},
  author={Wu, Zhirong and Xiong, Yuanjun and Yu, Stella X and Lin, Dahua},
  booktitle={Proceedings of the IEEE conference on computer vision and pattern recognition},
  pages={3733--3742},
  year={2018}
}

@inproceedings{berman2018lovasz,
  title={The lov{\'a}sz-softmax loss: A tractable surrogate for the optimization of the intersection-over-union measure in neural networks},
  author={Berman, Maxim and Triki, Amal Rannen and Blaschko, Matthew B},
  booktitle={Proceedings of the IEEE conference on computer vision and pattern recognition},
  pages={4413--4421},
  year={2018}
}

@inproceedings{he2016deep,
  title={Deep residual learning for image recognition},
  author={He, Kaiming and Zhang, Xiangyu and Ren, Shaoqing and Sun, Jian},
  booktitle={Proceedings of the IEEE conference on computer vision and pattern recognition},
  pages={770--778},
  year={2016}
}

@inproceedings{ke2018adaptive,
  title={Adaptive affinity fields for semantic segmentation},
  author={Ke, Tsung-Wei and Hwang, Jyh-Jing and Liu, Ziwei and Yu, Stella X},
  booktitle={Proceedings of the European conference on computer vision (ECCV)},
  pages={587--602},
  year={2018}
}

@article{pang2019rethinking,
  title={Rethinking softmax cross-entropy loss for adversarial robustness},
  author={Pang, Tianyu and Xu, Kun and Dong, Yinpeng and Du, Chao and Chen, Ning and Zhu, Jun},
  journal={arXiv preprint arXiv:1905.10626},
  year={2019}
}

@article{zhao2019region,
  title={Region mutual information loss for semantic segmentation},
  author={Zhao, Shuai and Wang, Yang and Yang, Zheng and Cai, Deng},
  journal={Advances in Neural Information Processing Systems},
  volume={32},
  year={2019}
}