
# vision tracking
@inproceedings{hong2015online,
	title={Online tracking by learning discriminative saliency map with convolutional neural network},
	author={Hong, Seunghoon and You, Tackgeun and Kwak, Suha and Han, Bohyung},
	booktitle={International conference on machine learning},
	pages={597--606},
	year={2015},
	organization={PMLR}
}

# object detection
@article{han2018advanced,
	title={Advanced deep-learning techniques for salient and category-specific object detection: a survey},
	author={Han, Junwei and Zhang, Dingwen and Cheng, Gong and Liu, Nian and Xu, Dong},
	journal={IEEE Signal Processing Magazine},
	volume={35},
	number={1},
	pages={84--100},
	year={2018},
	publisher={IEEE}
}

# segmentation
@inproceedings{li2014secrets,
	title={The secrets of salient object segmentation},
	author={Li, Yin and Hou, Xiaodi and Koch, Christof and Rehg, James M and Yuille, Alan L},
	booktitle={Proceedings of the IEEE conference on computer vision and pattern recognition},
	pages={280--287},
	year={2014}
}

# video salient object detection
@inproceedings{song2018pyramid,
	title={Pyramid dilated deeper convlstm for video salient object detection},
	author={Song, Hongmei and Wang, Wenguan and Zhao, Sanyuan and Shen, Jianbing and Lam, Kin-Man},
	booktitle={Proceedings of the European conference on computer vision (ECCV)},
	pages={715--731},
	year={2018}
}

@article{wang2017saliency,
	title={Saliency-aware video object segmentation},
	author={Wang, Wenguan and Shen, Jianbing and Yang, Ruigang and Porikli, Fatih},
	journal={IEEE transactions on pattern analysis and machine intelligence},
	volume={40},
	number={1},
	pages={20--33},
	year={2017},
	publisher={IEEE}
}

# convLSTM
@article{shi2015convolutional,
	title={Convolutional LSTM network: A machine learning approach for precipitation nowcasting},
	author={Shi, Xingjian and Chen, Zhourong and Wang, Hao and Yeung, Dit-Yan and Wong, Wai-Kin and Woo, Wang-chun},
	journal={Advances in neural information processing systems},
	volume={28},
	year={2015}
}

# light field with convLSTM, simple fusion lfsod, DLLF
@inproceedings{wang2019deep,
	title={Deep learning for light field saliency detection},
	author={Wang, Tiantian and Piao, Yongri and Li, Xiao and Zhang, Lihe and Lu, Huchuan},
	booktitle={Proceedings of the IEEE/CVF International Conference on Computer Vision},
	pages={8838--8848},
	year={2019}
}

# transformer
@article{vaswani2017attention,
	title={Attention is all you need},
	author={Vaswani, Ashish and Shazeer, Noam and Parmar, Niki and Uszkoreit, Jakob and Jones, Llion and Gomez, Aidan N and Kaiser, {\L}ukasz and Polosukhin, Illia},
	journal={Advances in neural information processing systems},
	volume={30},
	year={2017}
}

# dataset LFSD
@inproceedings{li2014saliency,   
	title={Saliency detection on light field},   
	author={Li, Nianyi and Ye, Jinwei and Ji, Yu and Ling, Haibin and Yu, Jingyi},   booktitle={Proceedings of the IEEE conference on computer vision and pattern recognition},   pages={2806--2813},
	year={2014} 
}

# dataset HFUT
@article{zhang2017saliency,
	title={Saliency detection on light field: A multi-cue approach},
	author={Zhang, Jun and Wang, Meng and Lin, Liang and Yang, Xun and Gao, Jun and Rui, Yong},
	journal={ACM Transactions on Multimedia Computing, Communications, and Applications (TOMM)},
	volume={13},
	number={3},
	pages={1--22},
	year={2017},
	publisher={ACM New York, NY, USA}
}

# layer-norm
@article{ba2016layer,
	title={Layer normalization},
	author={Ba, Jimmy Lei and Kiros, Jamie Ryan and Hinton, Geoffrey E},
	journal={arXiv preprint arXiv:1607.06450},
	year={2016}
}
# LFSOD, graph
@article{zhang2021geometry,
	title={Geometry auxiliary salient object detection for light fields via graph neural networks},
	author={Zhang, Qiudan and Wang, Shiqi and Wang, Xu and Sun, Zhenhao and Kwong, Sam and Jiang, Jianmin},
	journal={IEEE Transactions on Image Processing},
	volume={30},
	pages={7578--7592},
	year={2021},
	publisher={IEEE}
}

# LFSOD, a review
@article{fu2022light,
	title={Light field salient object detection: A review and benchmark},
	author={Fu, Keren and Jiang, Yao and Ji, Ge-Peng and Zhou, Tao and Zhao, Qijun and Fan, Deng-Ping},
	journal={Computational Visual Media},
	volume={8},
	number={4},
	pages={509--534},
	year={2022},
	publisher={Springer}
}

# LFSOD, weight sparse.
@inproceedings{li2015weighted,
	title={A weighted sparse coding framework for saliency detection},
	author={Li, Nianyi and Sun, Bilin and Yu, Jingyi},
	booktitle={Proceedings of the IEEE conference on computer vision and pattern recognition},
	pages={5216--5223},
	year={2015}
}

# LFSODï¼Œ investigation
@inproceedings{zhang2015saliency,
	title={Saliency Detection with a Deeper Investigation of Light Field.},
	author={Zhang, Jun and Wang, Meng and Gao, Jun and Wang, Yi and Zhang, Xudong and Wu, Xindong},
	booktitle={IJCAI},
	pages={2212--2218},
	year={2015}
}

# LFSOD, depth-induced
@article{piao2019saliency,
	title={Saliency detection via depth-induced cellular automata on light field},
	author={Piao, Yongri and Li, Xiao and Zhang, Miao and Yu, Jingyi and Lu, Huchuan},
	journal={IEEE Transactions on Image Processing},
	volume={29},
	pages={1879--1889},
	year={2019},
	publisher={IEEE}
}

# dataset Lytro Illum, LFSOD, MAC
@article{zhang2020light,
	title={Light field saliency detection with deep convolutional networks},
	author={Zhang, Jun and Liu, Yamei and Zhang, Shengping and Poppe, Ronald and Wang, Meng},
	journal={IEEE Transactions on Image Processing},
	volume={29},
	pages={4421--4434},
	year={2020},
	publisher={IEEE}
}

# dataset dutlf-V2
@article{piao2020dut,
	title={DUT-LFSaliency: Versatile dataset and light field-to-RGB saliency detection},
	author={Piao, Yongri and Rong, Zhengkun and Xu, Shuang and Zhang, Miao and Lu, Huchuan},
	journal={arXiv preprint arXiv:2012.15124},
	year={2020}
}

# lfsod, MOLF, dataset DUTLF, MoLF
@article{zhang2019memory,
	title={Memory-oriented decoder for light field salient object detection},
	author={Zhang, Miao and Li, Jingjing and Wei, Ji and Piao, Yongri and Lu, Huchuan},
	journal={Advances in neural information processing systems},
	volume={32},
	year={2019}
}

# evaluation metrics, s-measure
@inproceedings{fan2017structure,
	title={Structure-measure: A new way to evaluate foreground maps},
	author={Fan, Deng-Ping and Cheng, Ming-Ming and Liu, Yun and Li, Tao and Borji, Ali},
	booktitle={Proceedings of the IEEE international conference on computer vision},
	pages={4548--4557},
	year={2017}
}

# evaluation metrics, e-measure
@article{fan2018enhanced,
	title={Enhanced-alignment measure for binary foreground map evaluation},
	author={Fan, Deng-Ping and Gong, Cheng and Cao, Yang and Ren, Bo and Cheng, Ming-Ming and Borji, Ali},
	journal={arXiv preprint arXiv:1805.10421},
	year={2018}
}

# evaluation metrics, f-measure  
@inproceedings{achanta2009frequency,
	title={Frequency-tuned salient region detection},
	author={Achanta, Radhakrishna and Hemami, Sheila and Estrada, Francisco and Susstrunk, Sabine},
	booktitle={2009 IEEE conference on computer vision and pattern recognition},
	pages={1597--1604},
	year={2009},
	organization={IEEE}
}

# ssim
@inproceedings{wang2003multiscale,
	title={Multiscale structural similarity for image quality assessment},
	author={Wang, Zhou and Simoncelli, Eero P and Bovik, Alan C},
	booktitle={The Thrity-Seventh Asilomar Conference on Signals, Systems \& Computers, 2003},
	volume={2},
	pages={1398--1402},
	year={2003},
	organization={Ieee}
}

# msg-transformer
@inproceedings{fang2022msg,
	title={Msg-transformer: Exchanging local spatial information by manipulating messenger tokens},
	author={Fang, Jiemin and Xie, Lingxi and Wang, Xinggang and Zhang, Xiaopeng and Liu, Wenyu and Tian, Qi},
	booktitle={Proceedings of the IEEE/CVF Conference on Computer Vision and Pattern Recognition},
	pages={12063--12072},
	year={2022}
}

##########################################################################################################
# LFSOD, DLSD
@inproceedings{piao2019deep,
	title={Deep Light-field-driven Saliency Detection from a Single View},
	author={Piao, Yongri and Rong, Zhengkun and Zhang, Miao and Li, Xiao and Lu, Huchuan},
	booktitle={IJCAI},
	pages={904--911},
	year={2019}
}

# LFSOD, LFNet
@article{zhang2020lfnet,
	title={LFNet: Light field fusion network for salient object detection},
	author={Zhang, Miao and Ji, Wei and Piao, Yongri and Li, Jingjing and Zhang, Yu and Xu, Shuang and Lu, Huchuan},
	journal={IEEE Transactions on Image Processing},
	volume={29},
	pages={6276--6287},
	year={2020},
	publisher={IEEE}
}

# LFSOD, ERNet ### 	# number={07},
@inproceedings{piao2020exploit,
	title={Exploit and replace: An asymmetrical two-stream architecture for versatile light field saliency detection},
	author={Piao, Yongri and Rong, Zhengkun and Zhang, Miao and Lu, Huchuan},
	booktitle={Proceedings of the AAAI Conference on Artificial Intelligence},
	volume={34},
	pages={11865--11873},
	year={2020}
}

# LFSOD, OBGNet, ACM MM
@inproceedings{jing2021occlusion,
	title={Occlusion-aware bi-directional guided network for light field salient object detection},
	author={Jing, Dong and Zhang, Shuo and Cong, Runmin and Lin, Youfang},
	booktitle={Proceedings of the 29th ACM International Conference on Multimedia},
	pages={1692--1701},
	year={2021}
}

# LFSOD, LFBCNet
@inproceedings{wang2022lfbcnet,
	title={LFBCNet: Light Field Boundary-aware and Cascaded Interaction Network for Salient Object Detection},
	author={Wang, Mianzhao and Shi, Fan and Cheng, Xu and Zhao, Meng and Zhang, Yao and Jia, Chen and Tian, Weiwei and Chen, Shengyong},
	booktitle={Proceedings of the 30th ACM International Conference on Multimedia},
	pages={3430--3439},
	year={2022}
}


# LFSOD, DLGLRG, ICCV
@inproceedings{liu2021light,
	title={Light field saliency detection with dual local graph learning and reciprocative guidance},
	author={Liu, Nian and Zhao, Wangbo and Zhang, Dingwen and Han, Junwei and Shao, Ling},
	booktitle={Proceedings of the IEEE/CVF International Conference on Computer Vision},
	pages={4712--4721},
	year={2021}
}

# LFSOD, SANet, BMVC
@article{zhang2021learning,
	title={Learning synergistic attention for light field salient object detection},
	author={Zhang, Yi and Chen, Geng and Chen, Qian and Sun, Yujia and Xia, Yong and Deforges, Olivier and Hamidouche, Wassim and Zhang, Lu},
	journal={arXiv preprint arXiv:2104.13916},
	year={2021}
}

# LFSOD, PANet
@article{piao2021panet,
	title={PANet: Patch-aware network for light field salient object detection},
	author={Piao, Yongri and Jiang, Yongyao and Zhang, Miao and Wang, Jian and Lu, Huchuan},
	journal={IEEE Transactions on Cybernetics},
	year={2021},
	publisher={IEEE}
}

# LFSOD, MEANet, Neurocomputing
@article{jiang2022meanet,
	title={MEANet: Multi-modal edge-aware network for light field salient object detection},
	author={Jiang, Yao and Zhang, Wenbo and Fu, Keren and Zhao, Qijun},
	journal={Neurocomputing},
	volume={491},
	pages={78--90},
	year={2022},
	publisher={Elsevier}
}

# LFSOD, NoiseLF, CVPR
@inproceedings{feng2022learning,
	title={Learning from pixel-level noisy label: A new perspective for light field saliency detection},
	author={Feng, Mingtao and Liu, Kendong and Zhang, Liang and Yu, Hongshan and Wang, Yaonan and Mian, Ajmal},
	booktitle={Proceedings of the IEEE/CVF Conference on Computer Vision and Pattern Recognition},
	pages={1756--1766},
	year={2022}
}

# LFSOD, ESCNet, IEEE TIP
@article{zhang2022exploring,
	title={Exploring Spatial Correlation for Light Field Saliency Detection: Expansion From a Single View},
	author={Zhang, Miao and Xu, Shuang and Piao, Yongri and Lu, Huchuan},
	journal={IEEE Transactions on Image Processing},
	volume={31},
	pages={6152--6163},
	year={2022},
	publisher={IEEE}
}

# backbone PVT
@inproceedings{wang2021pyramid,
	title={Pyramid vision transformer: A versatile backbone for dense prediction without convolutions},
	author={Wang, Wenhai and Xie, Enze and Li, Xiang and Fan, Deng-Ping and Song, Kaitao and Liang, Ding and Lu, Tong and Luo, Ping and Shao, Ling},
	booktitle={Proceedings of the IEEE/CVF international conference on computer vision},
	pages={568--578},
	year={2021}
}

# backbone resnet
@inproceedings{he2016deep,
	title={Deep residual learning for image recognition},
	author={He, Kaiming and Zhang, Xiangyu and Ren, Shaoqing and Sun, Jian},
	booktitle={Proceedings of the IEEE conference on computer vision and pattern recognition},
	pages={770--778},
	year={2016}
}

# backbone pvt-v2
@article{wang2022pvt,
	title={Pvt v2: Improved baselines with pyramid vision transformer},
	author={Wang, Wenhai and Xie, Enze and Li, Xiang and Fan, Deng-Ping and Song, Kaitao and Liang, Ding and Lu, Tong and Luo, Ping and Shao, Ling},
	journal={Computational Visual Media},
	volume={8},
	number={3},
	pages={415--424},
	year={2022},
	publisher={Springer}
}

# optimizer
@article{kingma2014adam,
	title={Adam: A method for stochastic optimization},
	author={Kingma, Diederik P and Ba, Jimmy},
	journal={arXiv preprint arXiv:1412.6980},
	year={2014}
}

# pytorch
@article{paszke2017automatic,
	title={Automatic differentiation in pytorch},
	author={Paszke, Adam and Gross, Sam and Chintala, Soumith and Chanan, Gregory and Yang, Edward and DeVito, Zachary and Lin, Zeming and Desmaison, Alban and Antiga, Luca and Lerer, Adam},
	year={2017}
}

# loss 
@inproceedings{qin2019basnet,
	title={Basnet: Boundary-aware salient object detection},
	author={Qin, Xuebin and Zhang, Zichen and Huang, Chenyang and Gao, Chao and Dehghan, Masood and Jagersand, Martin},
	booktitle={Proceedings of the IEEE/CVF conference on computer vision and pattern recognition},
	pages={7479--7489},
	year={2019}
}

# loss bce
@article{de2005tutorial,
	title={A tutorial on the cross-entropy method},
	author={De Boer, Pieter-Tjerk and Kroese, Dirk P and Mannor, Shie and Rubinstein, Reuven Y},
	journal={Annals of operations research},
	volume={134},
	pages={19--67},
	year={2005},
	publisher={Springer}
}

####################################################################################################
#
# Transformer
#
####################################################################################################
@inproceedings{carion2020end,
	title={End-to-end object detection with transformers},
	author={Carion, Nicolas and Massa, Francisco and Synnaeve, Gabriel and Usunier, Nicolas and Kirillov, Alexander and Zagoruyko, Sergey},
	booktitle={Computer Vision--ECCV 2020: 16th European Conference, Glasgow, UK, August 23--28, 2020, Proceedings, Part I 16},
	pages={213--229},
	year={2020},
	organization={Springer}
}

@inproceedings{chen2020generative,
	title={Generative pretraining from pixels},
	author={Chen, Mark and Radford, Alec and Child, Rewon and Wu, Jeffrey and Jun, Heewoo and Luan, David and Sutskever, Ilya},
	booktitle={International conference on machine learning},
	pages={1691--1703},
	year={2020},
	organization={PMLR}
}

@article{dosovitskiy2020image,
	title={An image is worth 16x16 words: Transformers for image recognition at scale},
	author={Dosovitskiy, Alexey and Beyer, Lucas and Kolesnikov, Alexander and Weissenborn, Dirk and Zhai, Xiaohua and Unterthiner, Thomas and Dehghani, Mostafa and Minderer, Matthias and Heigold, Georg and Gelly, Sylvain and others},
	journal={arXiv preprint arXiv:2010.11929},
	year={2020}
}

# transformer: up-detr
@inproceedings{dai2021up,
	title={Up-detr: Unsupervised pre-training for object detection with transformers},
	author={Dai, Zhigang and Cai, Bolun and Lin, Yugeng and Chen, Junying},
	booktitle={Proceedings of the IEEE/CVF conference on computer vision and pattern recognition},
	pages={1601--1610},
	year={2021}
}

@inproceedings{chen2021pre,
	title={Pre-trained image processing transformer},
	author={Chen, Hanting and Wang, Yunhe and Guo, Tianyu and Xu, Chang and Deng, Yiping and Liu, Zhenhua and Ma, Siwei and Xu, Chunjing and Xu, Chao and Gao, Wen},
	booktitle={Proceedings of the IEEE/CVF Conference on Computer Vision and Pattern Recognition},
	pages={12299--12310},
	year={2021}
}

@inproceedings{sun2021rethinking,
	title={Rethinking transformer-based set prediction for object detection},
	author={Sun, Zhiqing and Cao, Shengcao and Yang, Yiming and Kitani, Kris M},
	booktitle={Proceedings of the IEEE/CVF international conference on computer vision},
	pages={3611--3620},
	year={2021}
}

@inproceedings{yang2020learning,
	title={Learning texture transformer network for image super-resolution},
	author={Yang, Fuzhi and Yang, Huan and Fu, Jianlong and Lu, Hongtao and Guo, Baining},
	booktitle={Proceedings of the IEEE/CVF conference on computer vision and pattern recognition},
	pages={5791--5800},
	year={2020}
}

@inproceedings{zeng2020learning,
	title={Learning joint spatial-temporal transformations for video inpainting},
	author={Zeng, Yanhong and Fu, Jianlong and Chao, Hongyang},
	booktitle={Computer Vision--ECCV 2020: 16th European Conference, Glasgow, UK, August 23--28, 2020, Proceedings, Part XVI 16},
	pages={528--543},
	year={2020},
	organization={Springer}
}

# transformer: deformable-detr
@article{zhu2020deformable,
	title={Deformable detr: Deformable transformers for end-to-end object detection},
	author={Zhu, Xizhou and Su, Weijie and Lu, Lewei and Li, Bin and Wang, Xiaogang and Dai, Jifeng},
	journal={arXiv preprint arXiv:2010.04159},
	year={2020}
}

@inproceedings{zhou2018end,
	title={End-to-end dense video captioning with masked transformer},
	author={Zhou, Luowei and Zhou, Yingbo and Corso, Jason J and Socher, Richard and Xiong, Caiming},
	booktitle={Proceedings of the IEEE conference on computer vision and pattern recognition},
	pages={8739--8748},
	year={2018}
}

@article{zheng2020end,
	title={End-to-end object detection with adaptive clustering transformer},
	author={Zheng, Minghang and Gao, Peng and Zhang, Renrui and Li, Kunchang and Wang, Xiaogang and Li, Hongsheng and Dong, Hao},
	journal={arXiv preprint arXiv:2011.09315},
	year={2020}
}

@inproceedings{wang2021end,
	title={End-to-end video instance segmentation with transformers},
	author={Wang, Yuqing and Xu, Zhaoliang and Wang, Xinlong and Shen, Chunhua and Cheng, Baoshan and Shen, Hao and Xia, Huaxia},
	booktitle={Proceedings of the IEEE/CVF conference on computer vision and pattern recognition},
	pages={8741--8750},
	year={2021}
}

@inproceedings{parmar2018image,
	title={Image transformer},
	author={Parmar, Niki and Vaswani, Ashish and Uszkoreit, Jakob and Kaiser, Lukasz and Shazeer, Noam and Ku, Alexander and Tran, Dustin},
	booktitle={International conference on machine learning},
	pages={4055--4064},
	year={2018},
	organization={PMLR}
}

@inproceedings{strudel2021segmenter,
	title={Segmenter: Transformer for semantic segmentation},
	author={Strudel, Robin and Garcia, Ricardo and Laptev, Ivan and Schmid, Cordelia},
	booktitle={Proceedings of the IEEE/CVF international conference on computer vision},
	pages={7262--7272},
	year={2021}
}

@article{liang2022light,
	title={Light field image super-resolution with transformers},
	author={Liang, Zhengyu and Wang, Yingqian and Wang, Longguang and Yang, Jungang and Zhou, Shilin},
	journal={IEEE Signal Processing Letters},
	volume={29},
	pages={563--567},
	year={2022},
	publisher={IEEE}
}

# transformer: VST
@inproceedings{liu2021visual,
	title={Visual saliency transformer},
	author={Liu, Nian and Zhang, Ni and Wan, Kaiyuan and Shao, Ling and Han, Junwei},
	booktitle={Proceedings of the IEEE/CVF international conference on computer vision},
	pages={4722--4732},
	year={2021}
}

# transformer, trear,
@article{li2021trear,
	title={Trear: Transformer-based rgb-d egocentric action recognition},
	author={Li, Xiangyu and Hou, Yonghong and Wang, Pichao and Gao, Zhimin and Xu, Mingliang and Li, Wanqing},
	journal={IEEE Transactions on Cognitive and Developmental Systems},
	volume={14},
	number={1},
	pages={246--252},
	year={2021},
	publisher={IEEE}
}

@inproceedings{siris2021scene,
	title={Scene context-aware salient object detection},
	author={Siris, Avishek and Jiao, Jianbo and Tam, Gary KL and Xie, Xianghua and Lau, Rynson WH},
	booktitle={Proceedings of the IEEE/CVF International Conference on Computer Vision},
	pages={4156--4166},
	year={2021}
}

@article{wang2022tf,
	title={TF-SOD: a novel transformer framework for salient object detection},
	author={Wang, Zhenyu and Zhang, Yunzhou and Liu, Yan and Wang, Zhuo and Coleman, Sonya and Kerr, Dermot},
	journal={Neural Computing and Applications},
	volume={34},
	number={14},
	pages={11789--11806},
	year={2022},
	publisher={Springer}
}

# transformer triTransNet
@inproceedings{liu2021tritransnet,
	title={TriTransNet: RGB-D salient object detection with a triplet transformer embedding network},
	author={Liu, Zhengyi and Wang, Yuan and Tu, Zhengzheng and Xiao, Yun and Tang, Bin},
	booktitle={Proceedings of the 29th ACM international conference on multimedia},
	pages={4481--4490},
	year={2021}
}

# transformer, mutualformer
@article{wang2021mutualformer,
	title={MutualFormer: Multi-Modality Representation Learning via Mutual Transformer},
	author={Wang, Xixi and Jiang, Bo and Wang, Xiao and Luo, Bin},
	journal={arXiv preprint arXiv:2112.01177},
	year={2021}
}

# transformer, token shift
@inproceedings{zhang2021token,
	title={Token shift transformer for video classification},
	author={Zhang, Hao and Hao, Yanbin and Ngo, Chong-Wah},
	booktitle={Proceedings of the 29th ACM International Conference on Multimedia},
	pages={917--925},
	year={2021}
}

# transformer, ViS, IFC
@article{hwang2021video,
	title={Video instance segmentation using inter-frame communication transformers},
	author={Hwang, Sukjun and Heo, Miran and Oh, Seoung Wug and Kim, Seon Joo},
	journal={Advances in Neural Information Processing Systems},
	volume={34},
	pages={13352--13363},
	year={2021}
}

# transformer, ViS, TeViT
@inproceedings{yang2022temporally,
	title={Temporally efficient vision transformer for video instance segmentation},
	author={Yang, Shusheng and Wang, Xinggang and Li, Yu and Fang, Yuxin and Fang, Jiemin and Liu, Wenyu and Zhao, Xun and Shan, Ying},
	booktitle={Proceedings of the IEEE/CVF Conference on Computer Vision and Pattern Recognition},
	pages={2885--2895},
	year={2022}
}

# RGBD, bbs-net
@inproceedings{fan2020bbs,
	title={BBS-Net: RGB-D salient object detection with a bifurcated backbone strategy network},
	author={Fan, Deng-Ping and Zhai, Yingjie and Borji, Ali and Yang, Jufeng and Shao, Ling},
	booktitle={Computer Vision--ECCV 2020: 16th European Conference, Glasgow, UK, August 23--28, 2020, Proceedings, Part XII},
	pages={275--292},
	year={2020},
	organization={Springer}
}

# RGBD SSF-Net
@inproceedings{zhang2020select,
	title={Select, supplement and focus for RGB-D saliency detection},
	author={Zhang, Miao and Ren, Weisong and Piao, Yongri and Rong, Zhengkun and Lu, Huchuan},
	booktitle={Proceedings of the IEEE/CVF conference on computer vision and pattern recognition},
	pages={3472--3481},
	year={2020}
}

# RGBD S2MA
@inproceedings{liu2020learning,
	title={Learning selective self-mutual attention for RGB-D saliency detection},
	author={Liu, Nian and Zhang, Ni and Han, Junwei},
	booktitle={Proceedings of the IEEE/CVF conference on computer vision and pattern recognition},
	pages={13756--13765},
	year={2020}
}

# RGB EGNet
@inproceedings{zhao2019egnet,
	title={EGNet: Edge guidance network for salient object detection},
	author={Zhao, Jia-Xing and Liu, Jiang-Jiang and Fan, Deng-Ping and Cao, Yang and Yang, Jufeng and Cheng, Ming-Ming},
	booktitle={Proceedings of the IEEE/CVF international conference on computer vision},
	pages={8779--8788},
	year={2019}
}

# RGB LDF
@inproceedings{wei2020label,
	title={Label decoupling framework for salient object detection},
	author={Wei, Jun and Wang, Shuhui and Wu, Zhe and Su, Chi and Huang, Qingming and Tian, Qi},
	booktitle={Proceedings of the IEEE/CVF conference on computer vision and pattern recognition},
	pages={13025--13034},
	year={2020}
}

# RGB ITSD 
@inproceedings{zhou2020interactive,
	title={Interactive two-stream decoder for accurate and fast saliency detection},
	author={Zhou, Huajun and Xie, Xiaohua and Lai, Jian-Huang and Chen, Zixuan and Yang, Lingxiao},
	booktitle={Proceedings of the IEEE/CVF conference on computer vision and pattern recognition},
	pages={9141--9150},
	year={2020}
}

# RGB MINet
@inproceedings{pang2020multi,
	title={Multi-scale interactive network for salient object detection},
	author={Pang, Youwei and Zhao, Xiaoqi and Zhang, Lihe and Lu, Huchuan},
	booktitle={Proceedings of the IEEE/CVF conference on computer vision and pattern recognition},
	pages={9413--9422},
	year={2020}
}

# RGB F3Net
@inproceedings{wei2020f3net,
	title={F$^3$Net: fusion, feedback and focus for salient object detection},
	author={Wei, Jun and Wang, Shuhui and Huang, Qingming},
	booktitle={Proceedings of the AAAI conference on artificial intelligence},
	volume={34},
	number={07},
	pages={12321--12328},
	year={2020}
}

# RGB method, PFSNet
@inproceedings{ma2021pyramidal,
	title={Pyramidal feature shrinking for salient object detection},
	author={Ma, Mingcan and Xia, Changqun and Li, Jia},
	booktitle={Proceedings of the AAAI conference on artificial intelligence},
	volume={35},
	number={3},
	pages={2311--2318},
	year={2021}
}

# RGBD methods, CIR-Net
@article{cong2022cir,
	title={CIR-Net: Cross-modality interaction and refinement for RGB-D salient object detection},
	author={Cong, Runmin and Lin, Qinwei and Zhang, Chen and Li, Chongyi and Cao, Xiaochun and Huang, Qingming and Zhao, Yao},
	journal={IEEE Transactions on Image Processing},
	volume={31},
	pages={6800--6815},
	year={2022},
	publisher={IEEE}
}

# RGBD methods, DCF
@inproceedings{ji2021calibrated,
	title={Calibrated RGB-D salient object detection},
	author={Ji, Wei and Li, Jingjing and Yu, Shuang and Zhang, Miao and Piao, Yongri and Yao, Shunyu and Bi, Qi and Ma, Kai and Zheng, Yefeng and Lu, Huchuan and others},
	booktitle={Proceedings of the IEEE/CVF Conference on Computer Vision and Pattern Recognition},
	pages={9471--9481},
	year={2021}
}

# Co SOD, proto
@inproceedings{yu2022democracy,
	title={Democracy does matter: Comprehensive feature mining for co-salient object detection},
	author={Yu, Siyue and Xiao, Jimin and Zhang, Bingfeng and Lim, Eng Gee},
	booktitle={Proceedings of the IEEE/CVF Conference on Computer Vision and Pattern Recognition},
	pages={979--988},
	year={2022}
}

# LF segmentation
@inproceedings{zhu20174d,   
	title={4D light field superpixel and segmentation},   
	author={Zhu, Hao and Zhang, Qi and Wang, Qing},  
	booktitle={Proceedings of the IEEE conference on computer vision and pattern recognition},   
	pages={6384--6392},   
	year={2017} 
}

# LF segmentation
@article{lv20204d,
	title={4D light field segmentation from light field super-pixel hypergraph representation},
	author={Lv, Xianqiang and Wang, Xue and Wang, Qing and Yu, Jingyi},
	journal={IEEE transactions on visualization and computer graphics},
	volume={27},
	number={9},
	pages={3597--3610},
	year={2020},
	publisher={IEEE}
}

# LF segmentation
@article{xu2019transcut2,
	title={TransCut2: Transparent object segmentation from a light-field image},
	author={Xu, Yichao and Nagahara, Hajime and Shimada, Atsushi and Taniguchi, Rin-ichiro},
	journal={IEEE Transactions on Computational Imaging},
	volume={5},
	number={3},
	pages={465--477},
	year={2019},
	publisher={IEEE}
}

# LF tracking
@article{holsteen2019light,   
	title={A light-field metasurface for high-resolution single-particle tracking},   
	author={Holsteen, Aaron L and Lin, Dianmin and Kauvar, Isaac and Wetzstein, Gordon and Brongersma, Mark L},   
	journal={Nano letters},  
	volume={19},   
	number={4},   
	pages={2267--2271},   
	year={2019},   
	publisher={ACS Publications} 
}

# LF deblur
@inproceedings{ruan2022learning,
	title={Learning to deblur using light field generated and real defocus images},
	author={Ruan, Lingyan and Chen, Bin and Li, Jizhou and Lam, Miuling},
	booktitle={Proceedings of the IEEE/CVF Conference on Computer Vision and Pattern Recognition},
	pages={16304--16313},
	year={2022}
}

# LF super-resolution
@inproceedings{wang2022detail,
	title={Detail-preserving transformer for light field image super-resolution},
	author={Wang, Shunzhou and Zhou, Tianfei and Lu, Yao and Di, Huijun},
	booktitle={Proceedings of the AAAI Conference on Artificial Intelligence},
	volume={36},
	number={3},
	pages={2522--2530},
	year={2022}
}

# LF super-resolution
@article{wang2020light,
	title={Light field image super-resolution using deformable convolution},
	author={Wang, Yingqian and Yang, Jungang and Wang, Longguang and Ying, Xinyi and Wu, Tianhao and An, Wei and Guo, Yulan},
	journal={IEEE Transactions on Image Processing},
	volume={30},
	pages={1057--1071},
	year={2020},
	publisher={IEEE}
}

# LF super-resolution
@inproceedings{jin2020light,
	title={Light field spatial super-resolution via deep combinatorial geometry embedding and structural consistency regularization},
	author={Jin, Jing and Hou, Junhui and Chen, Jie and Kwong, Sam},
	booktitle={Proceedings of the IEEE/CVF Conference on Computer Vision and Pattern Recognition},
	pages={2260--2269},
	year={2020}
}

# transformer, semantic segmentation
@inproceedings{strudel2021segmenter,
	title={Segmenter: Transformer for semantic segmentation},
	author={Strudel, Robin and Garcia, Ricardo and Laptev, Ivan and Schmid, Cordelia},
	booktitle={Proceedings of the IEEE/CVF international conference on computer vision},
	pages={7262--7272},
	year={2021}
}

# FPN
@inproceedings{lin2017feature,
	title={Feature pyramid networks for object detection},
	author={Lin, Tsung-Yi and Doll{\'a}r, Piotr and Girshick, Ross and He, Kaiming and Hariharan, Bharath and Belongie, Serge},
	booktitle={Proceedings of the IEEE conference on computer vision and pattern recognition},
	pages={2117--2125},
	year={2017}
}


# CPD 
@inproceedings{wu2019cascaded,
	title={Cascaded partial decoder for fast and accurate salient object detection},
	author={Wu, Zhe and Su, Li and Huang, Qingming},
	booktitle={Proceedings of the IEEE/CVF conference on computer vision and pattern recognition},
	pages={3907--3916},
	year={2019}
}

# poolNet
@inproceedings{liu2019simple,
	title={A simple pooling-based design for real-time salient object detection},
	author={Liu, Jiang-Jiang and Hou, Qibin and Cheng, Ming-Ming and Feng, Jiashi and Jiang, Jianmin},
	booktitle={Proceedings of the IEEE/CVF conference on computer vision and pattern recognition},
	pages={3917--3926},
	year={2019}
}

# picanet
@inproceedings{liu2018picanet,
	title={Picanet: Learning pixel-wise contextual attention for saliency detection},
	author={Liu, Nian and Han, Junwei and Yang, Ming-Hsuan},
	booktitle={Proceedings of the IEEE conference on computer vision and pattern recognition},
	pages={3089--3098},
	year={2018}
}

# pagrn 
@inproceedings{wang2018detect,
	title={Detect globally, refine locally: A novel approach to saliency detection},
	author={Wang, Tiantian and Zhang, Lihe and Wang, Shuo and Lu, Huchuan and Yang, Gang and Ruan, Xiang and Borji, Ali},
	booktitle={Proceedings of the IEEE conference on computer vision and pattern recognition},
	pages={3127--3135},
	year={2018}
}

# r3net
@inproceedings{deng2018r3net,
	title={R3net: Recurrent residual refinement network for saliency detection},
	author={Deng, Zijun and Hu, Xiaowei and Zhu, Lei and Xu, Xuemiao and Qin, Jing and Han, Guoqiang and Heng, Pheng-Ann},
	booktitle={Proceedings of the 27th international joint conference on artificial intelligence},
	volume={684690},
	year={2018},
	organization={AAAI Press Menlo Park, CA, USA}
}

# c2s
@inproceedings{li2018contour,
	title={Contour knowledge transfer for salient object detection},
	author={Li, Xin and Yang, Fan and Cheng, Hong and Liu, Wei and Shen, Dinggang},
	booktitle={Proceedings of the european conference on computer vision (ECCV)},
	pages={355--370},
	year={2018}
}

# amulet 
@inproceedings{zhang2017amulet,
	title={Amulet: Aggregating multi-level convolutional features for salient object detection},
	author={Zhang, Pingping and Wang, Dong and Lu, Huchuan and Wang, Hongyu and Ruan, Xiang},
	booktitle={Proceedings of the IEEE international conference on computer vision},
	pages={202--211},
	year={2017}
}
