%%==================================================
%% chap1.bib for DUT MA
%% version: 0.1
%% last update: April 27th, 2022
%%==================================================



@article{gershun1939light,
	title={The light field},
	author={Gershun, Andre{\=\i}},
	journal={Journal of Mathematics and Physics},
	volume={18},
	number={1-4},
	pages={51--151},
	year={1939}
}


@article{adelson1991plenoptic,
	title={The plenoptic function and the elements of early vision. Computational Models of Visual Processing},
	author={Adelson, Edward H and Bergen, James R},
	journal={Int. J. Comput. Vis},
	volume={20},
	year={1991}
}

@incollection{mcmillan2023plenoptic,
	title={Plenoptic modeling: An image-based rendering system},
	author={McMillan, Leonard and Bishop, Gary},
	booktitle={Seminal Graphics Papers: Pushing the Boundaries, Volume 2},
	pages={433--440},
	year={2023}
}

@incollection{levoy2023light,
	title={Light field rendering},
	author={Levoy, Marc and Hanrahan, Pat},
	booktitle={Seminal Graphics Papers: Pushing the Boundaries, Volume 2},
	pages={441--452},
	year={2023}
}

@article{adelson1992single,
	title={Single lens stereo with a plenoptic camera},
	author={Adelson, Edward H and Wang, John YA},
	journal={IEEE transactions on pattern analysis and machine intelligence},
	volume={14},
	number={2},
	pages={99--106},
	year={1992}
}

@article{georgiev2010focused,
	title={Focused plenoptic camera and rendering},
	author={Georgiev, Todor and Lumsdaine, Andrew},
	journal={Journal of electronic imaging},
	volume={19},
	number={2},
	pages={021106--021106},
	year={2010},
	publisher={Society of Photo-Optical Instrumentation Engineers}
}


@inproceedings{achanta2009frequency,
	title={Frequency-tuned salient region detection},
	author={Achanta, Radhakrishna and Hemami, Sheila and Estrada, Francisco and Susstrunk, Sabine},
	booktitle={2009 IEEE conference on computer vision and pattern recognition},
	pages={1597--1604},
	year={2009},
	organization={IEEE}
}

@inproceedings{margolin2014evaluate,
	title={How to evaluate foreground maps?},
	author={Margolin, Ran and Zelnik-Manor, Lihi and Tal, Ayellet},
	booktitle={Proceedings of the IEEE conference on computer vision and pattern recognition},
	pages={248--255},
	year={2014}
}

@inproceedings{fan2017structure,
	title={Structure-measure: A new way to evaluate foreground maps},
	author={Fan, Deng-Ping and Cheng, Ming-Ming and Liu, Yun and Li, Tao and Borji, Ali},
	booktitle={Proceedings of the IEEE international conference on computer vision},
	pages={4548--4557},
	year={2017}
}

@article{fan2018enhanced,
	title={Enhanced-alignment measure for binary foreground map evaluation},
	author={Fan, Deng-Ping and Gong, Cheng and Cao, Yang and Ren, Bo and Cheng, Ming-Ming and Borji, Ali},
	journal={arXiv preprint arXiv:1805.10421},
	year={2018}
}

% LFS
@inproceedings{li2014saliency,
	title={Saliency detection on light field},
	author={Li, Nianyi and Ye, Jinwei and Ji, Yu and Ling, Haibin and Yu, Jingyi},
	booktitle={Proceedings of the IEEE conference on computer vision and pattern recognition},
	pages={2806--2813},
	year={2014}
}

% SANet
@article{zhang2021learning,
	title={Learning synergistic attention for light field salient object detection},
	author={Zhang, Yi and Chen, Geng and Chen, Qian and Sun, Yujia and Xia, Yong and Deforges, Olivier and Hamidouche, Wassim and Zhang, Lu},
	journal={arXiv preprint arXiv:2104.13916},
	year={2021}
}

% MoLF
@article{zhang2019memory,
	title={Memory-oriented decoder for light field salient object detection},
	author={Zhang, Miao and Li, Jingjing and Wei, Ji and Piao, Yongri and Lu, Huchuan},
	journal={Advances in neural information processing systems},
	volume={32},
	year={2019}
}

% MAC
@article{zhang2020light,
	title={Light field saliency detection with deep convolutional networks},
	author={Zhang, Jun and Liu, Yamei and Zhang, Shengping and Poppe, Ronald and Wang, Meng},
	journal={IEEE Transactions on Image Processing},
	volume={29},
	pages={4421--4434},
	year={2020},
	publisher={IEEE}
}

% DLSD
@inproceedings{piao2019deep,
	title={Deep Light-field-driven Saliency Detection from a Single View.},
	author={Piao, Yongri and Rong, Zhengkun and Zhang, Miao and Li, Xiao and Lu, Huchuan},
	booktitle={IJCAI},
	pages={904--911},
	year={2019}
}
